@article{NEEDLEMAN1970443,
title = "A general method applicable to the search for similarities in the amino acid sequence of two proteins",
journal = "Journal of Molecular Biology",
volume = "48",
number = "3",
pages = "443 - 453",
year = "1970",
note = "",
issn = "0022-2836",
doi = "http://dx.doi.org/10.1016/0022-2836(70)90057-4",
url = "http://www.sciencedirect.com/science/article/pii/0022283670900574",
author = "Saul B. Needleman and Christian D. Wunsch",

}